@misc{nam2015transforming,
  author = {United Nations},
  title = {Transforming our world: the 2030 Agenda for Sustainable Development},
  year = 2015,
  note = {https://sustainabledevelopment.un.org/content/documents/21252030%20Agenda%20for%20Sustainable%20Development%20web.pdf},
  urldate = {2017-04-12}
}

@misc{web2030agenda,
  author = {United Nations},
  title = {The Sustainable Development Agenda},
  year = 2017,
  note = {http://www.un.org/sustainabledevelopment/development-agenda/},
  urldate = {2017-04-12}
}

@misc{webEuropeanComission,
  author = {European Comission},
  title = {The 2030 Agenda for Sustainable Development},
  year = 2017,
  note = {https://ec.europa.eu/europeaid/policies/european-development-policy/2030-agenda-sustainable-development_en},
  urldate = {2017-04-12}
}

@misc{webUNASweden,
  author = {UNA Sweden},
  title = {Agenda 2030 – Globala mål för hållbar utveckling},
  year = ,
  note = {http://fn.se/vi-gor/vi-utbildar-och-informerar/fn-info/vad-gor-fn-2/fns-arbete-for-utveckling-och-fattigdomsbekampning/agenda-2030-globala-mal-for-hallbar-utveckling/},
  urldate = {2017-04-12}
}

@misc{webUNDP,
  author = {UNDP},
  title = {Globala målen för hållbar utveckling},
  year = 2017,
  note = {http://www.globalamalen.se/wp-content/uploads/2016/10/Broschyr-globala-malen.pdf},
  urldate = {2017-04-12}
}

@misc{webKTH,
  author = {KTH},
  title = {Globala mål för hållbar utveckling},
  year = 2015,
  note = {https://www.kth.se/om/miljo-hallbar-utveckling/utbildning-miljo-hallbar-utveckling/verktygslada/sustainable-development/globala-mal-for-hallbar-utveckling-1.612059},
  urldate = {2017-04-12}
}

@misc{webUNDESA,
  author = {United Nations Department of Economic and Social Affairs},
  title = {Countries reach historic agreement to generate financing for new sustainable development agenda},
  year = 2015,
  note = {http://www.un.org/esa/ffd/ffd3/press-release/countries-reach-historic-agreement.html},
  urldate = {2017-04-12}
}

@misc{webSIDA,
  author = {SIDA},
  title = {Vårt arbete med utvecklingsfinansiering},
  year = 2016,
  note = {http://www.sida.se/Svenska/sa-arbetar-vi/Arbetssatt-och-metod/finansieringsformer/utvecklingsfinansiering/},
  urldate = {2017-04-12}
}

@article{critique,
  title={A Critique of the Sustainable Development Goals’ Potential to Realize the Human Rights of All: Why being better than the MDGs is not good enough},
  author={Thomas Pogge, Yale Philosophy department},
  year={2016}
}

@misc{review,
  author = {nternational Council for Science, International Social Science Council},
  title = {Review of targets for the sustainable development goals: The science perspecive},
  year = 2015,
  note = {/www.icsu.org/publications/reports-and-reviews/review-of-targets-for-the-sustainable-development-goals-the-science-perspective-2015/SDG-Report.pdf},
  urldate = {2017-05-10}
}

@misc{webCostanza1,
  author = {R. Costanza, I. Kubiszewski},
  title = {Creating a Sustainable and Desirable future: Insights from 45 Global Thought Leaders},
  year = 2014,
  note = {www.worldscientific.com/worldscibooks/10.1142/8922},
  urldate = {2017-05-10}
}

@misc{Weitz,
  author = {N. Weitz, M. Nilsson,  M. Davis},
  title = {A nexus approach to the post-2015 agenda: formulating integrated water, energy and food SDGs, SaIS Review of International affairs, 34:37-50},
  year = 2014,
  note = {https://www.oecd.org/pcd/Art%20Nexus%20SAIS%20weitz.pdf},
  urldate = {2017-05-10}
}

@misc{Millennium,
  author = {United Nations},
  title = {The Millennium Development Goals report 2015},
  year = 2015,
  note = {http://www.un.org/millenniumgoals/2015_MDG_Report/pdf/MDG%202015%20rev%20(July%201).pdf},
  urldate = {2017-05-10}
}

@misc{webUN1,
  author = {UN Web Services Section, Department of Public Information, United Nations},
  title = {Goal 13: Take urgent action to combat climat change and its impacts},
  year = 2017,
  note = {http://www.un.org/sustainabledevelopment/climate-change-2/},
  urldate = {2017-05-10}
}

@misc{webUN2,
  author = {United Nations, Department of Economic and Social Affairs, Statistics Division},
  title = {SDG Indicators,
Revised list of global Sustainable Development Goal indicators},
  year = 2017,
  note = {https://unstats.un.org/sdgs/indicators/indicators-list/},
  urldate = {2017-05-10}
}

@misc{webUNICEF,
  author = {UNICEF Sverige},
  title = {De nya globala utvecklingsmålen},
  year = ,
  note = {https://unicef.se/vad-vi-gor/de-nya-globala-utvecklingsmalen},
  urldate = {2017-05-10}
}

@misc{webWWF,
  author = {WWF Sverige},
  title = {Hållbar utveckling och lärande – inspirationsskrift för universitetslärare},
  year = ,
  note = {http://www.wwf.se/source.php/1229462/H%E5llbar%20utveckling%20och%20l%E4rande%20-%20inspirationsskrift%20f%F6r%20universitetsl%E4rare.pdf},
  urldate = {2017-05-10}
}

@misc{webChora,
  author = {Chora connection},
  title = {UN 17 SDG’s},
  year = ,
  note = {http://choraconnection.dk/de-17-verdensmaal/?lang=en},
  urldate = {2017-05-11}
}

@misc{webDochas,
  author = {Dochas},
  title = {Everything you wanted to know about the “Sustainable Development Goals” but were afraid to ask},
  year = 2015,
  note = {http://www.dochas.ie/blog/sdgs},
  urldate = {2017-05-11}
}

@misc{webC,
  author = {R. Costanza},
  title = {A theory of socio-ecological system change},
  year = 2014,
  note = {Costanza R., 2014. a theory of socio-ecological system change. journal of BioEconomics, 16:39-44},
  urldate = {2017-05-11}
}